@inproceedings{shor1994algorithms,
  title={Algorithms for quantum computation: discrete logarithms and factoring},
  author={Shor, Peter W},
  booktitle={Proceedings 35th annual symposium on foundations of computer science},
  pages={124--134},
  year={1994},
  organization={Ieee}
}

@article{kitaev2003fault,
  title={Fault-tolerant quantum computation by anyons},
  author={Kitaev, A Yu},
  journal={Annals of physics},
  volume={303},
  number={1},
  pages={2--30},
  year={2003},
  publisher={Elsevier}
}

@article{freedman1998p,
  title={P/NP, and the quantum field computer},
  author={Freedman, Michael H},
  journal={Proceedings of the National Academy of Sciences},
  volume={95},
  number={1},
  pages={98--101},
  year={1998},
  publisher={National Acad Sciences}
}

@article{bolotin2009observation,
  title={Observation of the fractional quantum Hall effect in graphene},
  author={Bolotin, Kirill I and Ghahari, Fereshte and Shulman, Michael D and Stormer, Horst L and Kim, Philip},
  journal={Nature},
  volume={462},
  number={7270},
  pages={196--199},
  year={2009},
  publisher={Nature Publishing Group UK London}
}

@article{ascher1981code,
  title={Code of the Quipu},
  author={Ascher, Marcia and Ascher, Robert},
  journal={Ann Arbor: University of Michigan Press},
  pages={56--74},
  year={1981}
}

@article{dirac1931quantised,
  title={Quantised singularities in the electromagnetic field},
  author={Dirac, Paul Adrien Maurice},
  journal={Proceedings of the Royal Society of London. Series A, Containing Papers of a Mathematical and Physical Character},
  volume={133},
  number={821},
  pages={60--72},
  year={1931},
  publisher={The Royal Society London}
}

@article{aharonov1959significance,
  title={Significance of electromagnetic potentials in the quantum theory},
  author={Aharonov, Yakir and Bohm, David},
  journal={Physical review},
  volume={115},
  number={3},
  pages={485},
  year={1959},
  publisher={APS}
}

@article{skyrme1962unified,
  title={A unified field theory of mesons and baryons},
  author={Skyrme, Tony Hilton Royle},
  journal={Nuclear Physics},
  volume={31},
  pages={556--569},
  year={1962},
  publisher={Elsevier}
}

@article{anderson1977phase,
  title={Phase slippage without vortex cores: vortex textures in superfluid He 3},
  author={Anderson, PHILIP W and Toulouse, G},
  journal={Physical Review Letters},
  volume={38},
  number={9},
  pages={508},
  year={1977},
  publisher={APS}
}

@article{kosterlitz1973ordering,
  title={Ordering, metastability and phase transitions in two-dimensional systems},
  author={Kosterlitz, JM and Thouless, David James},
  journal={J. Phys. C},
  volume={6},
  pages={1181--1203},
  year={1973}
}

@article{klitzing1980new,
  title={New method for high-accuracy determination of the fine-structure constant based on quantized Hall resistance},
  author={Klitzing, K v and Dorda, Gerhard and Pepper, Michael},
  journal={Physical review letters},
  volume={45},
  number={6},
  pages={494},
  year={1980},
  publisher={APS}
}

@article{tsui1982two,
  title={Two-dimensional magnetotransport in the extreme quantum limit},
  author={Tsui, Daniel C and Stormer, Horst L and Gossard, Arthur C},
  journal={Physical Review Letters},
  volume={48},
  number={22},
  pages={1559},
  year={1982},
  publisher={APS}
}

@article{wilczek1982quantum,
  title={Quantum mechanics of fractional-spin particles},
  author={Wilczek, Frank},
  journal={Physical review letters},
  volume={49},
  number={14},
  pages={957},
  year={1982},
  publisher={APS}
}

@article{arovas1985statistical,
  title={Statistical mechanics of anyons},
  author={Arovas, Daniel P and Schrieffer, Robert and Wilczek, Frank and Zee, Anthony},
  journal={Nuclear Physics B},
  volume={251},
  pages={117--126},
  year={1985},
  publisher={Elsevier}
}

@article{haldane1983nonlinear,
  title={Nonlinear field theory of large-spin Heisenberg antiferromagnets: semiclassically quantized solitons of the one-dimensional easy-axis N{\'e}el state},
  author={Haldane, F Duncan M},
  journal={Physical review letters},
  volume={50},
  number={15},
  pages={1153},
  year={1983},
  publisher={APS}
}

@article{haldane1988model,
  title={Model for a quantum Hall effect without Landau levels: Condensed-matter realization of the" parity anomaly"},
  author={Haldane, F Duncan M},
  journal={Physical review letters},
  volume={61},
  number={18},
  pages={2015},
  year={1988},
  publisher={APS}
}

@article{witten1988topological,
  title={Topological quantum field theory},
  author={Witten, Edward},
  journal={Communications in Mathematical Physics},
  volume={117},
  number={3},
  pages={353--386},
  year={1988},
  publisher={Springer}
}

@incollection{jones1997polynomial,
  title={A polynomial invariant for knots via von Neumann algebras},
  author={Jones, Vaughan FR},
  booktitle={Fields Medallists' Lectures},
  pages={448--458},
  year={1997},
  publisher={World Scientific}
}

@article{alexander1928topological,
  title={Topological invariants of knots and links},
  author={Alexander, James W},
  journal={Transactions of the American Mathematical Society},
  volume={30},
  number={2},
  pages={275--306},
  year={1928}
}

@article{witten1989quantum,
  title={Quantum field theory and the Jones polynomial},
  author={Witten, Edward},
  journal={Communications in Mathematical Physics},
  volume={121},
  number={3},
  pages={351--399},
  year={1989},
  publisher={Springer}
}

@article{landauer1995quantum,
  title={Is quantum mechanics useful?},
  author={Landauer, Rolf},
  journal={Philosophical Transactions of the Royal Society of London. Series A: Physical and Engineering Sciences},
  volume={353},
  number={1703},
  pages={367--376},
  year={1995},
  publisher={The Royal Society London}
}

@inproceedings{jaeger1990computational,
  title={On the computational complexity of the Jones and Tutte polynomials},
  author={Jaeger, Fran{\c{c}}ois and Vertigan, Dirk L and Welsh, Dominic JA},
  booktitle={Mathematical Proceedings of the Cambridge Philosophical Society},
  volume={108},
  number={1},
  pages={35--53},
  year={1990},
  organization={Cambridge University Press}
}

@article{mochon2003anyons,
  title={Anyons from nonsolvable finite groups are sufficient for universal quantum computation},
  author={Mochon, Carlos},
  journal={Physical Review A},
  volume={67},
  number={2},
  pages={022315},
  year={2003},
  publisher={APS}
}

@article{freedman2002simulation,
  title={Simulation of topological field theories by quantum computers},
  author={Freedman, Michael H and Kitaev, Alexei and Wang, Zhenghan},
  journal={Communications in Mathematical Physics},
  volume={227},
  pages={587--603},
  year={2002},
  publisher={Springer}
}

@article{freedman2002modular,
  title={A modular functor which is universal for quantum computation},
  author={Freedman, Michael H and Larsen, Michael and Wang, Zhenghan},
  journal={Communications in Mathematical Physics},
  volume={227},
  pages={605--622},
  year={2002},
  publisher={Springer}
}

@article{zhu2015fractional,
  title={Fractional quantum Hall states at $\nu$= 13/5 and 12/5 and their non-Abelian nature},
  author={Zhu, W and Gong, SS and Haldane, FDM and Sheng, DN},
  journal={Physical review letters},
  volume={115},
  number={12},
  pages={126805},
  year={2015},
  publisher={APS}
}

@article{schotte2022quantum,
  title={Quantum error correction thresholds for the universal Fibonacci Turaev-Viro code},
  author={Schotte, Alexis and Zhu, Guanyu and Burgelman, Lander and Verstraete, Frank},
  journal={Physical Review X},
  volume={12},
  number={2},
  pages={021012},
  year={2022},
  publisher={APS}
}

@article{schotte2022fault,
  title={Fault-tolerant error correction for a universal non-Abelian topological quantum computer at finite temperature},
  author={Schotte, Alexis and Burgelman, Lander and Zhu, Guanyu},
  journal={arXiv preprint arXiv:2301.00054},
  year={2022}
}































@article{freedman2003topological,
  title={Topological quantum computation},
  author={Freedman, Michael and Kitaev, Alexei and Larsen, Michael and Wang, Zhenghan},
  journal={Bulletin of the American Mathematical Society},
  volume={40},
  number={1},
  pages={31--38},
  year={2003}
}

@inproceedings{coecke2018picturing,
  title={Picturing quantum processes: A first course on quantum theory and diagrammatic reasoning},
  author={Coecke, Bob and Kissinger, Aleks},
  booktitle={Diagrammatic Representation and Inference: 10th International Conference, Diagrams 2018, Edinburgh, UK, June 18-22, 2018, Proceedings 10},
  pages={28--31},
  year={2018},
  organization={Springer}
}

@article{kitaev2006anyons,
  title={Anyons in an exactly solved model and beyond},
  author={Kitaev, Alexei},
  journal={Annals of Physics},
  volume={321},
  number={1},
  pages={2--111},
  year={2006},
  publisher={Elsevier}
}

@article{iqbal2023creation,
  title={Creation of Non-Abelian Topological Order and Anyons on a Trapped-Ion Processor},
  author={Iqbal, Mohsin and Tantivasadakarn, Nathanan and Verresen, Ruben and Campbell, Sara L and Dreiling, Joan M and Figgatt, Caroline and Gaebler, John P and Johansen, Jacob and Mills, Michael and Moses, Steven A and others},
  journal={arXiv preprint arXiv:2305.03766},
  year={2023}
}

@article{tantivasadakarn2022shortest,
  title={The shortest route to non-Abelian topological order on a quantum processor},
  author={Tantivasadakarn, Nathanan and Verresen, Ruben and Vishwanath, Ashvin},
  journal={arXiv preprint arXiv:2209.03964},
  year={2022}
}

@article{bravyi2022adaptive,
  title={Adaptive constant-depth circuits for manipulating non-abelian anyons},
  author={Bravyi, Sergey and Kim, Isaac and Kliesch, Alexander and Koenig, Robert},
  journal={arXiv preprint arXiv:2205.01933},
  year={2022}
}

@article{mochon2004anyon,
  title={Anyon computers with smaller groups},
  author={Mochon, Carlos},
  journal={Physical Review A},
  volume={69},
  number={3},
  pages={032306},
  year={2004},
  publisher={APS}
}

@incollection{preskill1998fault,
  title={Fault-tolerant quantum computation},
  author={Preskill, John},
  booktitle={Introduction to quantum computation and information},
  pages={213--269},
  year={1998},
  publisher={World Scientific}
}

@article{mochon2003anyons,
  title={Anyons from nonsolvable finite groups are sufficient for universal quantum computation},
  author={Mochon, Carlos},
  journal={Physical Review A},
  volume={67},
  number={2},
  pages={022315},
  year={2003},
  publisher={APS}
}

@article{wen1990ground,
  title={Ground-state degeneracy of the fractional quantum Hall states in the presence of a random potential and on high-genus Riemann surfaces},
  author={Wen, Xiao-Gang and Niu, Qian},
  journal={Physical Review B},
  volume={41},
  number={13},
  pages={9377},
  year={1990},
  publisher={APS}
}

@article{meyer2000perron,
  title={Perron--Frobenius Theory of Nonnegative Matrices},
  author={Meyer, Carl},
  journal={Matrix analysis and applied linear algebra, SIAM},
  year={2000}
}

@article{etingof1997some,
  title={Some properties of finite-dimensional semisimple Hopf algebras},
  author={Etingof, Pavel and Gelaki, Shlomo},
  journal={arXiv preprint q-alg/9712033},
  year={1997}
}

@article{verlinde1988fusion,
  title={Fusion rules and modular transformations in 2D conformal field theory},
  author={Verlinde, Erik},
  journal={Nuclear Physics B},
  volume={300},
  pages={360--376},
  year={1988},
  publisher={Elsevier}
}

@article{faltings1994proof,
  title={A proof for the Verlinde formula},
  author={Faltings, Gerd},
  journal={Journal of Algebraic Geometry},
  volume={3},
  number={2},
  pages={347},
  year={1994},
  publisher={Providence, RI: University Press, c1992-}
}

@article{huang2008vertex,
  title={Vertex operator algebras and the Verlinde conjecture},
  author={Huang, Yi-Zhi},
  journal={Communications in Contemporary Mathematics},
  volume={10},
  number={01},
  pages={103--154},
  year={2008},
  publisher={World Scientific}
}

@article{moore1989classical,
  title={Classical and quantum conformal field theory},
  author={Moore, Gregory and Seiberg, Nathan},
  journal={Communications in Mathematical Physics},
  volume={123},
  pages={177--254},
  year={1989},
  publisher={Springer}
}

@inproceedings{quillen2006higher,
  title={Higher algebraic K-theory: I},
  author={Quillen, Daniel},
  booktitle={Higher K-Theories: Proceedings of the Conference held at the Seattle Research Center of the Battelle Memorial Institute, from August 28 to September 8, 1972},
  pages={85--147},
  year={2006},
  organization={Springer}
}

@article{femic2016eilenberg,
  title={Eilenberg--Watts Theorem for 2-categories and quasi-monoidal structures for module categories over bialgebroid categories},
  author={Femi{\'c}, Bojana},
  journal={Journal of Pure and Applied Algebra},
  volume={220},
  number={9},
  pages={3156--3181},
  year={2016},
  publisher={Elsevier}
}

@article{femic2016eilenberg,
  title={Eilenberg--Watts Theorem for 2-categories and quasi-monoidal structures for module categories over bialgebroid categories},
  author={Femi{\'c}, Bojana},
  journal={Journal of Pure and Applied Algebra},
  volume={220},
  number={9},
  pages={3156--3181},
  year={2016},
  publisher={Elsevier}
}

@article{watts1960intrinsic,
  title={Intrinsic characterizations of some additive functors},
  author={Watts, Charles E},
  journal={Proceedings of the American Mathematical Society},
  volume={11},
  number={1},
  pages={5--8},
  year={1960}
}

@article{eilenberg1960abstract,
  title={Abstract description of some basic functors},
  author={Eilenberg, Samuel},
  journal={The Journal of the Indian Mathematical Society},
  pages={231--234},
  year={1960}
}

@article{zini2021mixed,
  title={Mixed-state TQFTs},
  author={Zini, Modjtaba Shokrian and Wang, Zhenghan},
  journal={arXiv preprint arXiv:2110.13946},
  year={2021}
}

@book{pachos2012introduction,
  title={Introduction to topological quantum computation},
  author={Pachos, Jiannis K},
  year={2012},
  publisher={Cambridge University Press}
}

@book{gottesman1997stabilizer,
  title={Stabilizer codes and quantum error correction},
  author={Gottesman, Daniel},
  year={1997},
  publisher={California Institute of Technology}
}

@article{barter2022computing,
  title={Computing associators of endomorphism fusion categories},
  author={Barter, Daniel and Bridgeman, Jacob and Wolf, Ramona},
  journal={SciPost Physics},
  volume={13},
  number={2},
  pages={029},
  year={2022}
}

@article{soublin1970anneaux,
  title={Anneaux et modules coh{\'e}rents},
  author={Soublin, Jean-Pierre},
  journal={Journal of Algebra},
  volume={15},
  number={4},
  pages={455--472},
  year={1970},
  publisher={Academic Press}
}

@article{franco2013tensor,
  title={Tensor products of finitely cocomplete and abelian categories},
  author={Franco, Ignacio L{\'o}pez},
  journal={Journal of Algebra},
  volume={396},
  pages={207--219},
  year={2013},
  publisher={Elsevier}
}

@article{deligne2007categories,
  title={Cat{\'e}gories tannakiennes},
  author={Deligne, Pierre},
  journal={The Grothendieck Festschrift: A Collection of Articles Written in Honor of the 60th Birthday of Alexander Grothendieck},
  pages={111--195},
  year={2007},
  publisher={Springer}
}

@book{etingof2016tensor,
  title={Tensor categories},
  author={Etingof, Pavel and Gelaki, Shlomo and Nikshych, Dmitri and Ostrik, Victor},
  volume={205},
  year={2016},
  publisher={American Mathematical Soc.}
}

@article{rahn2021generalized,
  title={Generalized stability for abstract homotopy theories},
  author={Rahn, Moritz and Shulman, Michael},
  journal={Annals of K-Theory},
  volume={6},
  number={1},
  pages={1--28},
  year={2021},
  publisher={Mathematical Sciences Publishers}
}

@article{muger2008tensor,
  title={Tensor categories: a selective guided tour},
  author={M{\"u}ger, Michael},
  journal={arXiv preprint arXiv:0804.3587},
  year={2008}
}

@article{hotz1965algebraisierung,
  title={Eine Algebraisierung des Syntheseproblems von Schaltkreisen I.},
  author={Hotz, G{\"u}nter},
  journal={Elektronische Informationsverarbeitung und Kybernetik},
  volume={1},
  number={3},
  pages={185--205},
  year={1965}
}

@article{gelaki2008nilpotent,
  title={Nilpotent fusion categories},
  author={Gelaki, Shlomo and Nikshych, Dmitri},
  journal={Advances in Mathematics},
  volume={217},
  number={3},
  pages={1053--1071},
  year={2008},
  publisher={Elsevier}
}

@article{galindo2014braided,
  title={On braided and ribbon unitary fusion categories},
  author={Galindo, C{\'e}sar},
  journal={Canadian Mathematical Bulletin},
  volume={57},
  number={3},
  pages={506--510},
  year={2014},
  publisher={Cambridge University Press}
}

@article{bartlett2009unitary,
  title={On unitary 2-representations of finite groups and topological quantum field theory},
  author={Bartlett, Bruce},
  journal={arXiv preprint arXiv:0901.3975},
  year={2009}
}

@article{reutter2023uniqueness,
  title={Uniqueness of unitary structure for unitarizable fusion categories},
  author={Reutter, David},
  journal={Communications in Mathematical Physics},
  volume={397},
  number={1},
  pages={37--52},
  year={2023},
  publisher={Springer}
}

@article{muger2003subfactors,
  title={From subfactors to categories and topology II: The quantum double of tensor categories and subfactors},
  author={M{\"u}ger, Michael},
  journal={Journal of Pure and Applied Algebra},
  volume={180},
  number={1-2},
  pages={159--219},
  year={2003},
  publisher={Elsevier}
}

@article{yetter1992framed,
  title={Framed tangles and a theorem of Deligne on braided deformations of tannakian categories},
  author={Yetter, David N},
  journal={Contemp. Math},
  volume={134},
  pages={325--350},
  year={1992}
}

@inproceedings{wen2014pattern,
  title={Pattern-of-zeros approach to Fractional quantum Hall states and a classification of symmetric polynomial of infinite variables},
  author={Wen, Xiao-Gang and Wang, Zhenghan},
  booktitle={Conformal Field Theories and Tensor Categories: Proceedings of a Workshop Held at Beijing International Center for Mathematical Research},
  pages={33--65},
  year={2014},
  organization={Springer}
}

@article{bartlett2015modular,
  title={Modular categories as representations of the 3-dimensional bordism 2-category},
  author={Bartlett, Bruce and Douglas, Christopher L and Schommer-Pries, Christopher J and Vicary, Jamie},
  journal={arXiv preprint arXiv:1509.06811},
  year={2015}
}

@inproceedings{joyal2006introduction,
  title={An introduction to Tannaka duality and quantum groups},
  author={Joyal, Andr{\'e} and Street, Ross},
  booktitle={Category Theory: Proceedings of the International Conference held in Como, Italy, July 22--28, 1990},
  pages={413--492},
  year={2006},
  organization={Springer}
}

@article{davidovich2013arithmetic,
  title={On arithmetic modular categories},
  author={Davidovich, Orit and Hagge, Tobias and Wang, Zhenghan},
  journal={arXiv preprint arXiv:1305.2229},
  year={2013}
}

@article{freedman2012galois,
  title={Galois conjugates of topological phases},
  author={Freedman, Michael H and Gukelberger, Jan and Hastings, Matthew B and Trebst, Simon and Troyer, Matthias and Wang, Zhenghan},
  journal={Physical Review B},
  volume={85},
  number={4},
  pages={045414},
  year={2012},
  publisher={APS}
}

@article{albash2018adiabatic,
  title={Adiabatic quantum computation},
  author={Albash, Tameem and Lidar, Daniel A},
  journal={Reviews of Modern Physics},
  volume={90},
  number={1},
  pages={015002},
  year={2018},
  publisher={APS}
}

@book{stolz2014topology,
  title={Topology and Field Theories},
  author={Stolz, Stephan},
  volume={613},
  year={2014},
  publisher={American Mathematical Society}
}

@article{segal1988definition,
  title={The definition of conformal field theory},
  author={Segal, Graeme B},
  journal={Differential geometrical methods in theoretical physics},
  pages={165--171},
  year={1988},
  publisher={Springer}
}

@article{schreiber2009aqft,
  title={AQFT from n-functorial QFT},
  author={Schreiber, Urs},
  journal={Communications in Mathematical Physics},
  volume={291},
  pages={357--401},
  year={2009},
  publisher={Springer}
}

@article{eisenberg1979proof,
  title={A proof of the hairy ball theorem},
  author={Eisenberg, Murray and Guy, Robert},
  journal={The American Mathematical Monthly},
  volume={86},
  number={7},
  pages={571--574},
  year={1979},
  publisher={Taylor \& Francis}
}

@article{shimizu2023ribbon,
  title={Ribbon structures of the Drinfeld center of a finite tensor category},
  author={Shimizu, Kenichi},
  journal={Kodai Mathematical Journal},
  volume={46},
  number={1},
  pages={75--114},
  year={2023},
  publisher={Department of Mathematics, Tokyo Institute of Technology}
}

@article{selinger2011survey,
  title={A survey of graphical languages for monoidal categories},
  author={Selinger, Peter},
  journal={New structures for physics},
  pages={289--355},
  year={2011},
  publisher={Springer}
}

@article{barrett1999spherical,
  title={Spherical categories},
  author={Barrett, John W and Westbury, Bruce W},
  journal={Advances in Mathematics},
  volume={143},
  number={2},
  pages={357--375},
  year={1999},
  publisher={Elsevier}
}

@article{joyal1986braided,
  title={Braided monoidal categories},
  author={Joyal, Andr{\'e} and Street, Ross},
  journal={Mathematics Reports},
  volume={86008},
  year={1986}
}

@article{bruguieres2000categories,
  title={Cat{\'e}gories pr{\'e}modulaires, modularisations et invariants des vari{\'e}t{\'e}s de dimension 3},
  author={Bruguieres, Alain},
  journal={Mathematische Annalen},
  volume={316},
  number={2},
  pages={215--236},
  year={2000},
  publisher={Springer}
}

@article{regev2009lattices,
  title={On lattices, learning with errors, random linear codes, and cryptography},
  author={Regev, Oded},
  journal={Journal of the ACM (JACM)},
  volume={56},
  number={6},
  pages={1--40},
  year={2009},
  publisher={ACM New York, NY, USA}
}

@inproceedings{tang2019quantum,
  title={A quantum-inspired classical algorithm for recommendation systems},
  author={Tang, Ewin},
  booktitle={Proceedings of the 51st annual ACM SIGACT symposium on theory of computing},
  pages={217--228},
  year={2019}
}

@article{bonderson2006probing,
  title={Probing non-Abelian statistics with quasiparticle interferometry},
  author={Bonderson, Parsa and Shtengel, Kirill and Slingerland, Joost K},
  journal={Physical review letters},
  volume={97},
  number={1},
  pages={016401},
  year={2006},
  publisher={APS}
}

@article{hong2008exotic,
  title={On exotic modular tensor categories},
  author={Hong, Seung-Moon and Rowell, Eric and Wang, Zhenghan},
  journal={Communications in Contemporary Mathematics},
  volume={10},
  number={supp01},
  pages={1049--1074},
  year={2008},
  publisher={World Scientific}
}

@article{rowell2009classification,
  title={On classification of modular tensor categories},
  author={Rowell, Eric and Stong, Richard and Wang, Zhenghan},
  journal={Communications in Mathematical Physics},
  volume={292},
  number={2},
  pages={343--389},
  year={2009},
  publisher={Springer}
}

@article{cooper2009observable,
  title={Observable bulk signatures of non-Abelian quantum Hall states},
  author={Cooper, NR and Stern, Ady},
  journal={Physical review letters},
  volume={102},
  number={17},
  pages={176807},
  year={2009},
  publisher={APS}
}

@article{rowell2006quantum,
  title={From quantum groups to unitary modular tensor categories},
  author={Rowell, Eric C},
  journal={Contemporary Mathematics},
  volume={413},
  pages={215--230},
  year={2006},
  publisher={Providence, RI: American Mathematical Society}
}

@article{bruillard2017fermionic,
  title={Fermionic modular categories and the 16-fold way},
  author={Bruillard, Paul and Galindo, C{\'e}sar and Hagge, Tobias and Ng, Siu-Hung and Plavnik, Julia Yael and Rowell, Eric C and Wang, Zhenghan},
  journal={Journal of Mathematical Physics},
  volume={58},
  number={4},
  pages={041704},
  year={2017},
  publisher={AIP Publishing LLC}
}

@book{weil2009oeuvres,
  title={Oeuvres Scientifiques/Collected Papers: Volume 2 (1951-1964)},
  author={Weil, Andr{\'e}},
  volume={2},
  year={2009},
  publisher={Springer Science \& Business Media}
}

@book{fong2019invitation,
  title={An invitation to applied category theory: seven sketches in compositionality},
  author={Fong, Brendan and Spivak, David I},
  year={2019},
  publisher={Cambridge University Press}
}

@book{mac2013categories,
  title={Categories for the working mathematician},
  author={Mac Lane, Saunders},
  volume={5},
  year={2013},
  publisher={Springer Science \& Business Media}
}

@article{kitaev2006topological,
  title={Topological entanglement entropy},
  author={Kitaev, Alexei and Preskill, John},
  journal={Physical review letters},
  volume={96},
  number={11},
  pages={110404},
  year={2006},
  publisher={APS}
}

@article{kelly1964maclane,
  title={On MacLane's conditions for coherence of natural associativities, commutativities, etc.},
  author={Kelly, Gregory Maxwell},
  journal={Journal of Algebra},
  volume={1},
  number={4},
  pages={397--402},
  year={1964},
  publisher={Elsevier}
}

@article{etingof2005fusion,
  title={On fusion categories},
  author={Etingof, Pavel and Nikshych, Dmitri and Ostrik, Viktor},
  journal={Annals of Mathematics},
  pages={581--642},
  year={2005},
  publisher={JSTOR}
}

@article{ng2010congruence,
  title={Congruence subgroups and generalized Frobenius-Schur indicators},
  author={Ng, Siu-Hung and Schauenburg, Peter},
  journal={Communications in Mathematical Physics},
  volume={300},
  number={1},
  pages={1--46},
  year={2010},
  publisher={Springer}
}

@article{muger2001subfactors,
  title={From Subfactors to Categories and Topology II. The quantum double of tensor categories and subfactors},
  author={M{\"u}ger, Michael},
  journal={arXiv preprint math/0111205},
  year={2001}
}

@book{hall2013quantum,
  title={Quantum theory for mathematicians},
  author={Hall, Brian C},
  year={2013},
  publisher={Springer}
}

@article{trebst2008short,
  title={A short introduction to Fibonacci anyon models},
  author={Trebst, Simon and Troyer, Matthias and Wang, Zhenghan and Ludwig, Andreas WW},
  journal={Progress of Theoretical Physics Supplement},
  volume={176},
  pages={384--407},
  year={2008},
  publisher={Oxford Academic}
}

@book{aaronson2013quantum,
  title={Quantum computing since Democritus},
  author={Aaronson, Scott},
  year={2013},
  publisher={Cambridge University Press}
}
@article{lahtinen2017short,
  title={A short introduction to topological quantum computation},
  author={Lahtinen, Ville and Pachos, Jiannis},
  journal={SciPost Physics},
  volume={3},
  number={3},
  pages={021},
  year={2017}
}
@article{felice2017hopf,
  author   = "Giovanni de Felice",
  title    = "Hopf Algebras in Quantum Computation",
  journal  = "Unpublished doctoral dissertation",
  year     = 2017,
}
```
@article{davydov2013structure,
  title={On the structure of the Witt group of braided fusion categories},
  author={Davydov, Alexei and Nikshych, Dmitri and Ostrik, Victor},
  journal={Selecta Mathematica},
  volume={19},
  number={1},
  pages={237--269},
  year={2013},
  publisher={Springer}
}
@article{bruillard2016rank,
  title={Rank-finiteness for modular categories},
  author={Bruillard, Paul and Ng, Siu-Hung and Rowell, Eric and Wang, Zhenghan},
  journal={Journal of the American Mathematical Society},
  volume={29},
  number={3},
  pages={857--881},
  year={2016}
}
@article{hagge2009some,
  title={Some non-braided fusion categories of rank three},
  author={Hagge, Tobias J and Hong, Seung-Moon},
  journal={Communications in Contemporary Mathematics},
  volume={11},
  number={04},
  pages={615--637},
  year={2009},
  publisher={World Scientific}
}
@article{gainutdinov2023davydov,
  title={Davydov-Yetter cohomology, comonads and Ocneanu rigidity},
  author={Gainutdinov, Azat M and Haferkamp, Jonas and Schweigert, Christoph},
  journal={Advances in Mathematics},
  volume={414},
  pages={108853},
  year={2023},
  publisher={Elsevier}
}
@article{mignard2021modular,
  title={Modular categories are not determined by their modular data},
  author={Mignard, Micha{\"e}l and Schauenburg, Peter},
  journal={Letters in Mathematical Physics},
  volume={111},
  number={3},
  pages={60},
  year={2021},
  publisher={Springer}
}
@article{yamagami2002polygonal,
  title={Polygonal presentations of semisimple tensor categories},
  author={Yamagami, Shigeru},
  journal={Journal of the Mathematical Society of Japan},
  volume={54},
  number={1},
  pages={61--88},
  year={2002},
  publisher={The Mathematical Society of Japan}
}
@article{levin2005string,
  title={String-net condensation: A physical mechanism for topological phases},
  author={Levin, Michael A and Wen, Xiao-Gang},
  journal={Physical Review B},
  volume={71},
  number={4},
  pages={045110},
  year={2005},
  publisher={APS}
}
@article{pachner1991pl,
  title={PL homeomorphic manifolds are equivalent by elementary shellings},
  author={Pachner, Udo},
  journal={European journal of Combinatorics},
  volume={12},
  number={2},
  pages={129--145},
  year={1991},
  publisher={Elsevier}
}
@article{aubert2019categories,
  title={Categories for Me, and You?},
  author={Aubert, Cl{\'e}ment},
  journal={arXiv preprint arXiv:1910.05172},
  year={2019}
}
@article{dijkgraaf1990topological,
  title={Topological gauge theories and group cohomology},
  author={Dijkgraaf, Robbert and Witten, Edward},
  journal={Communications in Mathematical Physics},
  volume={129},
  pages={393--429},
  year={1990},
  publisher={Springer}
}
@article{qiu2021representations,
  title={Representations of motion groups of links via dimension reduction of TQFTs},
  author={Qiu, Yang and Wang, Zhenghan},
  journal={Communications in Mathematical Physics},
  volume={382},
  pages={2071--2100},
  year={2021},
  publisher={Springer}
}
@article{kitaev1997quantum,
  title={Quantum error correction with imperfect gates},
  author={Kitaev, A Yu},
  journal={Quantum communication, computing, and measurement},
  pages={181--188},
  year={1997},
  publisher={Springer}
}
@article{preskill1999lecture,
  title={Lecture notes for Physics 219: Quantum computation},
  author={Preskill, John},
  journal={Caltech Lecture Notes},
  pages={7},
  year={1999},
  publisher={Citeseer}
}
@article{nayak2008non,
  title={Non-Abelian anyons and topological quantum computation},
  author={Nayak, Chetan and Simon, Steven H and Stern, Ady and Freedman, Michael and Sarma, Sankar Das},
  journal={Reviews of Modern Physics},
  volume={80},
  number={3},
  pages={1083},
  year={2008},
  publisher={APS}
}
@book{farb2011primer,
  title={A primer on mapping class groups (pms-49)},
  author={Farb, Benson and Margalit, Dan},
  volume={41},
  year={2011},
  publisher={Princeton university press}
}
@article{albrecht2016exponential,
  title={Exponential protection of zero modes in Majorana islands},
  author={Albrecht, Sven Marian and Higginbotham, Andrew P and Madsen, Morten and Kuemmeth, Ferdinand and Jespersen, Thomas Sand and Nyg{\aa}rd, Jesper and Krogstrup, Peter and Marcus, CM},
  journal={Nature},
  volume={531},
  number={7593},
  pages={206--209},
  year={2016},
  publisher={Nature Publishing Group UK London}
}
@article{mourik2012signatures,
  title={Signatures of Majorana fermions in hybrid superconductor-semiconductor nanowire devices},
  author={Mourik, Vincent and Zuo, Kun and Frolov, Sergey M and Plissard, SR and Bakkers, Erik PAM and Kouwenhoven, Leo P},
  journal={Science},
  volume={336},
  number={6084},
  pages={1003--1007},
  year={2012},
  publisher={American Association for the Advancement of Science}
}
@article{rowell2018mathematics,
  title={Mathematics of topological quantum computing},
  author={Rowell, Eric and Wang, Zhenghan},
  journal={Bulletin of the American Mathematical Society},
  volume={55},
  number={2},
  pages={183--238},
  year={2018}
}
@article{freedman2002simulation,
  title={Simulation of topological field theories by quantum computers},
  author={Freedman, Michael H and Kitaev, Alexei and Wang, Zhenghan},
  journal={Communications in Mathematical Physics},
  volume={227},
  pages={587--603},
  year={2002},
  publisher={Springer}
}
@article{lickorish1999simplicial,
  title={Simplicial moves on complexes and manifolds},
  author={Lickorish, William Bernard Raymond},
  journal={Geometry and Topology Monographs},
  volume={2},
  number={299-320},
  pages={314},
  year={1999}
}
@article{turaev1992state,
  title={State sum invariants of 3-manifolds and quantum 6j-symbols},
  author={Turaev, Vladimir G and Viro, Oleg Ya},
  journal={Topology},
  volume={31},
  number={4},
  pages={865--902},
  year={1992},
  publisher={Pergamon}
}
@book{spivak2018calculus,
  title={Calculus on manifolds: a modern approach to classical theorems of advanced calculus},
  author={Spivak, Michael},
  year={2018},
  publisher={CRC press}
}
@article{roffe2019quantum,
  title={Quantum error correction: an introductory guide},
  author={Roffe, Joschka},
  journal={Contemporary Physics},
  volume={60},
  number={3},
  pages={226--245},
  year={2019},
  publisher={Taylor \& Francis}
}
@book{altland2010condensed,
  title={Condensed matter field theory},
  author={Altland, Alexander and Simons, Ben D},
  year={2010},
  publisher={Cambridge university press}
}
@book{francesco2012conformal,
  title={Conformal field theory},
  author={Francesco, Philippe and Mathieu, Pierre and S{\'e}n{\'e}chal, David},
  year={2012},
  publisher={Springer Science \& Business Media}
}
@book{wen2004quantum,
  title={Quantum field theory of many-body systems: from the origin of sound to an origin of light and electrons},
  author={Wen, Xiao-Gang},
  year={2004},
  publisher={OUP Oxford}
}
@misc{nielsen2002quantum,
  title={Quantum computation and quantum information},
  author={Nielsen, Michael A and Chuang, Isaac},
  year={2002},
  publisher={American Association of Physics Teachers}
}
@book{kitaev2002classical,
  title={Classical and quantum computation},
  author={Kitaev, Alexei Yu and Shen, Alexander and Vyalyi, Mikhail N and Vyalyi, Mikhail N},
  number={47},
  year={2002},
  publisher={American Mathematical Soc.}
}
@book{bakalov2001lectures,
  title={Lectures on tensor categories and modular functors},
  author={Bakalov, Bojko and Kirillov, Alexander A},
  volume={21},
  year={2001},
  publisher={American Mathematical Soc.}
}
@book{kauffman1994temperley,
  title={Temperley-Lieb recoupling theory and invariants of 3-manifolds},
  author={Kauffman, Louis H and Lins, S{\'o}stenes L and Lins, S{\'o}stenes},
  number={134},
  year={1994},
  publisher={Princeton University Press}
}
@book{kassel2012quantum,
  title={Quantum groups},
  author={Kassel, Christian},
  volume={155},
  year={2012},
  publisher={Springer Science \& Business Media}
}
@book{wang2010topological,
  title={Topological quantum computation},
  author={Wang, Zhenghan},
  year={2010},
  publisher={American Mathematical Soc.}
}
@book{hatcher2005algebraic,
  title={Algebraic topology},
  author={Hatcher, Allen},
  year={2005},
  publisher={Tsinghua University Press}
}
@article{yang2021experimental,
  title={Experimental determination of the energy per particle in partially filled Landau levels},
  author={Yang, Fangyuan and Zibrov, Alexander A and Bai, Ruiheng and Taniguchi, Takashi and Watanabe, Kenji and Zaletel, Michael P and Young, Andrea F},
  journal={Physical review letters},
  volume={126},
  number={15},
  pages={156802},
  year={2021},
  publisher={APS}
}

@article{barrett1996invariants,
  title={Invariants of piecewise-linear 3-manifolds},
  author={Barrett, John and Westbury, Bruce},
  journal={Transactions of the American Mathematical Society},
  volume={348},
  number={10},
  pages={3997--4022},
  year={1996}
}

@article{freedman2002modular,
  title={A modular functor which is universal for quantum computation},
  author={Freedman, Michael H and Larsen, Michael and Wang, Zhenghan},
  journal={Communications in Mathematical Physics},
  volume={227},
  pages={605--622},
  year={2002},
  publisher={Springer}
}


@article{timmerman2022quantum,
  title={Quantum to classical mapping of the two-dimensional toric code in an external field},
  author={Timmerman, Sydney R and Bandic, Zvonimir and Melko, Roger},
  journal={SciPost Physics Lecture Notes},
  pages={057},
  year={2022}
}
@article{oh2022rank,
  title={Rank-2 toric code in two dimensions},
  author={Oh, Yun-Tak and Kim, Jintae and Moon, Eun-Gook and Han, Jung Hoon},
  journal={Physical Review B},
  volume={105},
  number={4},
  pages={045128},
  year={2022},
  publisher={APS}
}
@article{frankel1957homology,
  title={Homology and flows on manifolds},
  author={Frankel, Theodore},
  journal={Annals of Mathematics},
  pages={331--339},
  year={1957},
  publisher={JSTOR}
}
@article{kane1998silicon,
  title={A silicon-based nuclear spin quantum computer},
  author={Kane, Bruce E},
  journal={nature},
  volume={393},
  number={6681},
  pages={133--137},
  year={1998},
  publisher={Nature Publishing Group UK London}
}
@article{wendin2017quantum,
  title={Quantum information processing with superconducting circuits: a review},
  author={Wendin, G{\"o}ran},
  journal={Reports on Progress in Physics},
  volume={80},
  number={10},
  pages={106001},
  year={2017},
  publisher={IOP Publishing}
}

@article{vafa1988toward,
  title={Toward classification of conformal theories},
  author={Vafa, Cumrun},
  journal={Physics Letters B},
  volume={206},
  number={3},
  pages={421--426},
  year={1988},
  publisher={Elsevier}
}


@article{debnath2016demonstration,
  title={Demonstration of a small programmable quantum computer with atomic qubits},
  author={Debnath, Shantanu and Linke, Norbert M and Figgatt, Caroline and Landsman, Kevin A and Wright, Kevin and Monroe, Christopher},
  journal={Nature},
  volume={536},
  number={7614},
  pages={63--66},
  year={2016},
  publisher={Nature Publishing Group UK London}
}
@article{arute2019quantum,
  title={Quantum supremacy using a programmable superconducting processor},
  author={Arute, Frank and Arya, Kunal and Babbush, Ryan and Bacon, Dave and Bardin, Joseph C and Barends, Rami and Biswas, Rupak and Boixo, Sergio and Brandao, Fernando GSL and Buell, David A and others},
  journal={Nature},
  volume={574},
  number={7779},
  pages={505--510},
  year={2019},
  publisher={Nature Publishing Group}
}
@article{gottesman1998theory,
  title={Theory of fault-tolerant quantum computation},
  author={Gottesman, Daniel},
  journal={Physical Review A},
  volume={57},
  number={1},
  pages={127},
  year={1998},
  publisher={APS}
}
@book{day2021quipus,
  title={Quipus and Witches' Knots: The Role of the Knot in Primitive and Ancient Culture, with a Translation and Analysis of" Oribasius de Laqueis"},
  author={Day, Cyrus Lawence},
  year={2021},
  publisher={University Press of Kansas}
}